<?xml version="1.0" encoding="UTF-8"?><collection xmlns="http://www.loc.gov/MARC21/slim"><record><leader>00435nam--2200157-i-4500</leader><controlfield tag="001">000048218</controlfield><controlfield tag="002">20161230</controlfield><controlfield tag="005">20161230201046</controlfield><controlfield tag="008">060222s1000------------r-----000-0-eng-d</controlfield><datafield ind1=" " ind2=" " tag="080"><subfield code="a">512,4(042)</subfield></datafield><datafield ind1=" " ind2=" " tag="100"><subfield code="a">Zalcman,Lawrence</subfield></datafield><datafield ind1=" " ind2=" " tag="245"><subfield code="a">Analytic capacity and rational approximation</subfield></datafield><datafield ind1=" " ind2=" " tag="260"><subfield code="a">Berlin, Springer-verlag, 1968. 155 P</subfield></datafield><datafield ind1=" " ind2=" " tag="490"><subfield code="a">Lecture Notes In Mathematics</subfield></datafield><datafield ind1=" " ind2=" " tag="852"><subfield code="a">39829</subfield><subfield code="c">517.5</subfield></datafield><datafield ind1=" " ind2=" " tag="CAT"><subfield code="a">Sys</subfield><subfield code="c">20080806</subfield><subfield code="h">090950</subfield></datafield></record></collection>